<?xml version="1.0" encoding="UTF-8"?>
<collection
  xmlns:xsi="http://www.w3.org/2001/XMLSchema-instance"
  xsi:schemaLocation="http://www.loc.gov/MARC21/slim http://www.loc.gov/standards/marcxml/schema/MARC21slim.xsd"
  xmlns="http://www.loc.gov/MARC21/slim">

<record>
  <leader>00667ncm a2200253 a 4500</leader>
  <controlfield tag="001">hud01800356</controlfield>
  <controlfield tag="003">CZ PrNK</controlfield>
  <controlfield tag="005">20090417223111.0</controlfield>
  <controlfield tag="007">qu</controlfield>
  <controlfield tag="008">081109s1861    xr     g       ||   zxx  </controlfield>
  <datafield tag="015" ind1=" " ind2=" ">
    <subfield code="a">cnb001880327</subfield>
  </datafield>
  <datafield tag="028" ind1="2" ind2="1">
    <subfield code="a">L.F. 29</subfield>
  </datafield>
  <datafield tag="040" ind1=" " ind2=" ">
    <subfield code="a">ABA001</subfield>
    <subfield code="b">cze</subfield>
  </datafield>
  <datafield tag="072" ind1=" " ind2="7">
    <subfield code="a">786</subfield>
    <subfield code="x">Hudba pro klávesové nástroje</subfield>
    <subfield code="2">Konspekt</subfield>
    <subfield code="9">9</subfield>
  </datafield>
  <datafield tag="100" ind1="1" ind2=" ">
    <subfield code="a">Faulwetter, Antonín</subfield>
    <subfield code="4">cmp</subfield>
  </datafield>
  <datafield tag="245" ind1="1" ind2="0">
    <subfield code="a">Bětulinka</subfield>
    <subfield code="h">[hudebnina] /</subfield>
    <subfield code="c">Třasák na Fortepiano složil A. Faulvetr</subfield>
  </datafield>
  <datafield tag="260" ind1=" " ind2=" ">
    <subfield code="a">Praha :</subfield>
    <subfield code="b">v skladu Jos. Šálka,</subfield>
    <subfield code="c">(1861)</subfield>
  </datafield>
  <datafield tag="300" ind1=" " ind2=" ">
    <subfield code="a">3 s. ;</subfield>
    <subfield code="c">4°</subfield>
  </datafield>
  <datafield tag="500" ind1=" " ind2=" ">
    <subfield code="a">lpk</subfield>
  </datafield>
  <datafield tag="500" ind1=" " ind2=" ">
    <subfield code="a">Vtl. pl.</subfield>
  </datafield>
  <datafield tag="500" ind1=" " ind2=" ">
    <subfield code="a">54 A 149</subfield>
  </datafield>
  <datafield tag="500" ind1=" " ind2=" ">
    <subfield code="a">R. 38</subfield>
  </datafield>
  <datafield tag="910" ind1=" " ind2=" ">
    <subfield code="a">ABA001</subfield>
  </datafield>
  <datafield tag="998" ind1=" " ind2=" ">
    <subfield code="a">001880327</subfield>
  </datafield>
</record>

</collection>